<record><leader>00000cas a2200000 a 4500</leader><controlfield tag="001">33858511</controlfield><controlfield tag="008">951206d19351952fluwr ne      0    0eng c</controlfield><datafield ind1=" " ind2=" " tag="010"><subfield code="a">sn 95047362 </subfield></datafield><datafield ind1=" " ind2=" " tag="040"><subfield code="a">FUG</subfield><subfield code="b">eng</subfield><subfield code="c">FUG</subfield><subfield code="d">OCLCQ</subfield><subfield code="d">OCLCF</subfield><subfield code="d">OCLCO</subfield></datafield><datafield ind1=" " ind2=" " tag="012"><subfield code="i">9512</subfield></datafield><datafield ind1="1" ind2=" " tag="029"><subfield code="a">AU@</subfield><subfield code="b">000025892096</subfield></datafield><datafield ind1=" " ind2=" " tag="042"><subfield code="a">pcc</subfield></datafield><datafield ind1=" " ind2=" " tag="043"><subfield code="a">n-us-fl</subfield></datafield><datafield ind1="0" ind2=" " tag="130"><subfield code="a">Okaloosa news-journal (Crestview, Fla. : 1935)</subfield></datafield><datafield ind1="1" ind2="0" tag="245"><subfield code="a">Okaloosa news-journal.</subfield></datafield><datafield ind1=" " ind2=" " tag="260"><subfield code="a">Crestview, Fla. :</subfield><subfield code="b">Okaloosa News-Journal,</subfield><subfield code="c">1935-</subfield></datafield><datafield ind1=" " ind2=" " tag="300"><subfield code="a">v.</subfield></datafield><datafield ind1=" " ind2=" " tag="310"><subfield code="a">Weekly</subfield></datafield><datafield ind1="0" ind2=" " tag="362"><subfield code="a">Vol. 21, no. 43 (Sept. 20, 1935)-</subfield></datafield><datafield ind1="1" ind2=" " tag="362"><subfield code="a">Ceased in 1952?</subfield></datafield><datafield ind1=" " ind2=" " tag="500"><subfield code="a">Robert F. Sikes, editor.</subfield></datafield><datafield ind1=" " ind2=" " tag="588"><subfield code="a">Latest issue consulted: Vol. 38, no. 44 (Aug. 29, 1952).</subfield></datafield><datafield ind1=" " ind2="0" tag="651"><subfield code="a">Crestview (Fla.)</subfield><subfield code="v">Newspapers.</subfield></datafield><datafield ind1=" " ind2="0" tag="651"><subfield code="a">Okaloosa County (Fla.)</subfield><subfield code="v">Newspapers.</subfield></datafield><datafield ind1=" " ind2="7" tag="655"><subfield code="a">Newspapers.</subfield><subfield code="2">fast</subfield><subfield code="0">(OCoLC)fst01423814</subfield></datafield><datafield ind1=" " ind2="7" tag="651"><subfield code="a">Florida</subfield><subfield code="z">Crestview.</subfield><subfield code="2">fast</subfield><subfield code="0">(OCoLC)fst01215783</subfield></datafield><datafield ind1=" " ind2="7" tag="651"><subfield code="a">Florida</subfield><subfield code="z">Okaloosa County.</subfield><subfield code="2">fast</subfield><subfield code="0">(OCoLC)fst01215782</subfield></datafield><datafield ind1=" " ind2=" " tag="752"><subfield code="a">United States</subfield><subfield code="b">Florida</subfield><subfield code="c">Okaloosa</subfield><subfield code="d">Crestview.</subfield></datafield><datafield ind1="0" ind2=" " tag="775"><subfield code="t">West Florida daily globe</subfield><subfield code="g">Mar. 7-&lt;Aug. 29, 1952&gt;</subfield><subfield code="w">(DLC)sn 95047364</subfield><subfield code="w">(OCoLC)33858724</subfield></datafield><datafield ind1="0" ind2="0" tag="780"><subfield code="t">Okaloosa news-journal combined with the Valparaiso star</subfield><subfield code="w">(DLC)sn 95047361</subfield><subfield code="w">(OCoLC)33858510</subfield></datafield><datafield ind1="0" ind2="5" tag="780"><subfield code="t">Okaloosa messenger</subfield><subfield code="g">1946</subfield><subfield code="w">(DLC)sn 95047363</subfield><subfield code="w">(OCoLC)33858722</subfield></datafield><datafield ind1=" " ind2=" " tag="850"><subfield code="a">FU</subfield></datafield></record>